@article{source1,
    author =       " Ruess, Harald and Burton, Simon ",
    title =        " Safe AI -- How is this Possible? ",
    journal =      " Artificial Intelligence (cs.AI), FOS: Computer and information sciences.",
    year =         "2022",
    DOI =          "10.48550/ARXIV.2201.10436"
}


 @book{source2, 
    author="Lee, Kai-Fu",
    title="Ai Superpowers: China, Silicon Valley, and the New World Order", 
    year="2018",
    publisher="Houghton Mifflin Harcourt.",  
   
    } 
 
@article{source3, title={Will artificial intelligence (AI) take over the construction world? - A multidisciplinary exploration}, 
DOI={10.3311/ccc2020-010}, 
journal={Proceedings of the Creative Construction e-Conference 2020}, 
author={Souhail, Elhouar and Elodie, Hochscheid and M. Ammar, Alzarrad and Chance, 
Emanuels}, year={2020}} 


 @book{source4, place={Carlton, VIC, Australia}, title={2062: The World Ai made}, publisher={La Trobe University Press in conjunction with Black Inc..}, author={Walsh, Toby}, year={2018}} 
 
 
  @book{source5, place={New Haven and London}, title={Atlas of AI: Power, politics, and the planetary costs of Artificial Intelligence.}, publisher={Yale University Press..}, author={Crawford, Kate}, year={2021}} 
  
  
@article{source6,
author = {Alekseev, Roman},
year = {2020},
month = {07},
pages = {58-69},
title = {Artificial Intelligence in the Service of the State: Pros and Cons},
journal = {Journal of Political Research},
doi = {10.12737/2587-6295-2020-58-69}
}

 @article{source7, 
 title="Implications of embedded artificial intelligence - machine learning on safety of Machinery", volume={180}, DOI={10.1016/j.procs.2021.01.171}, journal={Procedia Computer Science}, author={Anastasi, Sara and Madonna, Marianna and Monica, Luigi}, year={2021}, pages={338–343}} 

 @article{source8, title={Artificial Intelligence in criminal law: Pros and cons}, volume={10}, DOI={10.17150/2411-6262.2019.10(4).20}, number={4}, journal={Baikal Research Journal}, author={Nekrasov, Vasily}, year={2019}} 
 
  @article{source9, title={Impact of artificial intelligence on engineering: Past, present and future}, volume={104}, DOI={10.1016/j.procir.2021.11.291}, journal={Procedia CIRP}, author={Blake, Robert W. and Mathew, Robins and George, Abraham and Papakostas, Nikolaos}, year={2021}, pages={1728–1733}} 
  
   @article{source10, title={The bright and dark sides of Artificial Intelligence: A futures perspective on tourist destination experiences}, volume={19}, DOI={10.1016/j.jdmm.2020.100511}, journal={Journal of Destination Marketing and amp; Management}, author={Grundner, Lukas and Neuhofer, Barbara}, year={2021}, pages={100511}} 